<record><leader>00000cas a22000007a 4500</leader><controlfield tag="001">9522958</controlfield><controlfield tag="008">830518d18981930iludr ne      0    0cze d</controlfield><datafield ind1=" " ind2=" " tag="010"><subfield code="a">sn 83045516 </subfield></datafield><datafield ind1=" " ind2=" " tag="040"><subfield code="a">CRL</subfield><subfield code="b">eng</subfield><subfield code="c">CRL</subfield><subfield code="d">NPW</subfield><subfield code="d">OCLCQ</subfield><subfield code="d">OCLCO</subfield></datafield><datafield ind1=" " ind2=" " tag="042"><subfield code="a">msc</subfield></datafield><datafield ind1="0" ind2="0" tag="245"><subfield code="a">Za&#769;jmy lidu :</subfield><subfield code="b">organ c&#780;eske&#769;ho odve&#780;tvi&#769; Socialisticke&#769; strany v Americe.</subfield></datafield><datafield ind1="1" ind2="3" tag="246"><subfield code="a">People's interests</subfield></datafield><datafield ind1=" " ind2=" " tag="260"><subfield code="a">Chicago, Ill. :</subfield><subfield code="b">Bohemian Socialist Party,</subfield><subfield code="c">-1930.</subfield></datafield><datafield ind1=" " ind2=" " tag="300"><subfield code="a">v. :</subfield><subfield code="b">ill. ;</subfield><subfield code="c">58 cm.</subfield></datafield><datafield ind1=" " ind2=" " tag="310"><subfield code="a">Semiweekly</subfield></datafield><datafield ind1="0" ind2=" " tag="362"><subfield code="a">-roc&#780;. 17, c&#780;i&#769;s. 94 (dne 17. r&#780;i&#769;j. 1930).</subfield></datafield><datafield ind1="1" ind2=" " tag="362"><subfield code="a">Began in 1898.</subfield><subfield code="z">Cf. Gregory, W. Amer. newspapers.</subfield></datafield><datafield ind1=" " ind2=" " tag="500"><subfield code="a">Publisher varies.</subfield></datafield><datafield ind1=" " ind2=" " tag="500"><subfield code="a">Published on Tuesday and Friday.</subfield></datafield><datafield ind1=" " ind2=" " tag="546"><subfield code="a">In Czech.</subfield></datafield><datafield ind1=" " ind2=" " tag="550"><subfield code="a">"Dvojty&#769;denni&#769;k C&#780;eske&#769; socialisticke&#769; strany v Americe," &lt;Oct. 23, 1917&gt;-Nov. 1921.</subfield></datafield><datafield ind1=" " ind2=" " tag="550"><subfield code="a">"Dvojty&#769;denni&#769;k C&#780;eskoslovenske&#769; marxisticke&#769; federace," Dec. 1921-Apr. 4, 1924.</subfield></datafield><datafield ind1=" " ind2=" " tag="580"><subfield code="a">Semiweekly ed. of: Spravedlnost.</subfield></datafield><datafield ind1=" " ind2=" " tag="588"><subfield code="a">Description based on: Roc&#780;. 4., c&#780;i&#769;s. 94. (dne 23. r&#780;i&#769;j. 1917).</subfield></datafield><datafield ind1="2" ind2=" " tag="710"><subfield code="a">Socialist Party (U.S.)</subfield></datafield><datafield ind1="2" ind2=" " tag="710"><subfield code="a">C&#780;eska&#769; socialisticka&#769; strana v Americe.</subfield></datafield><datafield ind1="2" ind2=" " tag="710"><subfield code="a">C&#780;eskoslovenska&#769; marxisticka&#769; federace v Americe.</subfield></datafield><datafield ind1=" " ind2=" " tag="752"><subfield code="a">United States</subfield><subfield code="b">Illinois</subfield><subfield code="c">Cook</subfield><subfield code="d">Chicago.</subfield></datafield><datafield ind1="1" ind2=" " tag="775"><subfield code="t">Spravedlnost</subfield><subfield code="w">(DLC)sn 83045598</subfield><subfield code="w">(OCoLC)9531323</subfield></datafield><datafield ind1="0" ind2="4" tag="785"><subfield code="t">Spravedlnost</subfield><subfield code="w">(DLC)sn 83045598</subfield><subfield code="w">(OCoLC)9531323</subfield></datafield></record>